%YAML 1.1
%TAG !u! tag:unity3d.com,2011:
--- !u!1 &1849799980072543133
GameObject:
  m_ObjectHideFlags: 0
  m_CorrespondingSourceObject: {fileID: 0}
  m_PrefabInstance: {fileID: 0}
  m_PrefabAsset: {fileID: 0}
  serializedVersion: 6
  m_Component:
  - component: {fileID: 1849799980072543132}
  - component: {fileID: 1849799980072543104}
  - component: {fileID: 1849799980072543135}
  - component: {fileID: 6366235683356795188}
  - component: {fileID: -4734727839894464579}
  m_Layer: 0
  m_Name: BigWave
  m_TagString: Untagged
  m_Icon: {fileID: 0}
  m_NavMeshLayer: 0
  m_StaticEditorFlags: 0
  m_IsActive: 1
--- !u!4 &1849799980072543132
Transform:
  m_ObjectHideFlags: 0
  m_CorrespondingSourceObject: {fileID: 0}
  m_PrefabInstance: {fileID: 0}
  m_PrefabAsset: {fileID: 0}
  m_GameObject: {fileID: 1849799980072543133}
  m_LocalRotation: {x: 0, y: 0, z: 0, w: 1}
  m_LocalPosition: {x: 0, y: 0, z: 0}
  m_LocalScale: {x: 1, y: 1, z: 1}
  m_ConstrainProportionsScale: 0
  m_Children:
  - {fileID: 8349607137177669453}
  m_Father: {fileID: 0}
  m_RootOrder: 0
  m_LocalEulerAnglesHint: {x: 0, y: 0, z: 0}
--- !u!33 &1849799980072543104
MeshFilter:
  m_ObjectHideFlags: 0
  m_CorrespondingSourceObject: {fileID: 0}
  m_PrefabInstance: {fileID: 0}
  m_PrefabAsset: {fileID: 0}
  m_GameObject: {fileID: 1849799980072543133}
  m_Mesh: {fileID: 10202, guid: 0000000000000000e000000000000000, type: 0}
--- !u!114 &1849799980072543135
MonoBehaviour:
  m_ObjectHideFlags: 0
  m_CorrespondingSourceObject: {fileID: 0}
  m_PrefabInstance: {fileID: 0}
  m_PrefabAsset: {fileID: 0}
  m_GameObject: {fileID: 1849799980072543133}
  m_Enabled: 1
  m_EditorHideFlags: 0
  m_Script: {fileID: 11500000, guid: e604903efd894d2dbbbbaf46e19de1bd, type: 3}
  m_Name: 
  m_EditorClassIdentifier: 
  speed: 20
  lifeTime: 10
  strength: 50
--- !u!65 &6366235683356795188
BoxCollider:
  m_ObjectHideFlags: 0
  m_CorrespondingSourceObject: {fileID: 0}
  m_PrefabInstance: {fileID: 0}
  m_PrefabAsset: {fileID: 0}
  m_GameObject: {fileID: 1849799980072543133}
  m_Material: {fileID: 0}
  m_IsTrigger: 0
  m_Enabled: 1
  serializedVersion: 2
  m_Size: {x: 15, y: 7, z: 5}
  m_Center: {x: 0, y: 3.5, z: 0}
--- !u!95 &-4734727839894464579
Animator:
  serializedVersion: 5
  m_ObjectHideFlags: 0
  m_CorrespondingSourceObject: {fileID: 0}
  m_PrefabInstance: {fileID: 0}
  m_PrefabAsset: {fileID: 0}
  m_GameObject: {fileID: 1849799980072543133}
  m_Enabled: 1
  m_Avatar: {fileID: 0}
  m_Controller: {fileID: 9100000, guid: 59c5f49328a811549bb562ed7f653e05, type: 2}
  m_CullingMode: 0
  m_UpdateMode: 0
  m_ApplyRootMotion: 0
  m_LinearVelocityBlending: 0
  m_StabilizeFeet: 0
  m_WarningMessage: 
  m_HasTransformHierarchy: 1
  m_AllowConstantClipSamplingOptimization: 1
  m_KeepAnimatorStateOnDisable: 0
  m_WriteDefaultValuesOnDisable: 0
--- !u!1 &2518200100187132356
GameObject:
  m_ObjectHideFlags: 0
  m_CorrespondingSourceObject: {fileID: 0}
  m_PrefabInstance: {fileID: 0}
  m_PrefabAsset: {fileID: 0}
  serializedVersion: 6
  m_Component:
  - component: {fileID: 5712716027856117123}
  m_Layer: 0
  m_Name: 2Wave
  m_TagString: Untagged
  m_Icon: {fileID: 0}
  m_NavMeshLayer: 0
  m_StaticEditorFlags: 0
  m_IsActive: 1
--- !u!4 &5712716027856117123
Transform:
  m_ObjectHideFlags: 0
  m_CorrespondingSourceObject: {fileID: 0}
  m_PrefabInstance: {fileID: 0}
  m_PrefabAsset: {fileID: 0}
  m_GameObject: {fileID: 2518200100187132356}
  m_LocalRotation: {x: 0, y: 0, z: 0, w: 1}
  m_LocalPosition: {x: 0, y: 0, z: 0}
  m_LocalScale: {x: 1, y: 1, z: 1}
  m_ConstrainProportionsScale: 0
  m_Children:
  - {fileID: 6113665028630545673}
  m_Father: {fileID: 8349607137177669453}
  m_RootOrder: 1
  m_LocalEulerAnglesHint: {x: 0, y: 0, z: 0}
--- !u!1 &3268576271771664316
GameObject:
  m_ObjectHideFlags: 0
  m_CorrespondingSourceObject: {fileID: 0}
  m_PrefabInstance: {fileID: 0}
  m_PrefabAsset: {fileID: 0}
  serializedVersion: 6
  m_Component:
  - component: {fileID: 6574350471131290266}
  m_Layer: 0
  m_Name: 3Wave
  m_TagString: Untagged
  m_Icon: {fileID: 0}
  m_NavMeshLayer: 0
  m_StaticEditorFlags: 0
  m_IsActive: 1
--- !u!4 &6574350471131290266
Transform:
  m_ObjectHideFlags: 0
  m_CorrespondingSourceObject: {fileID: 0}
  m_PrefabInstance: {fileID: 0}
  m_PrefabAsset: {fileID: 0}
  m_GameObject: {fileID: 3268576271771664316}
  m_LocalRotation: {x: 0, y: 0, z: 0, w: 1}
  m_LocalPosition: {x: 5, y: 0, z: 0}
  m_LocalScale: {x: 1, y: 1, z: 1}
  m_ConstrainProportionsScale: 0
  m_Children:
  - {fileID: 1616155370974814357}
  m_Father: {fileID: 8349607137177669453}
  m_RootOrder: 2
  m_LocalEulerAnglesHint: {x: 0, y: 0, z: 0}
--- !u!1 &4548991422016143518
GameObject:
  m_ObjectHideFlags: 0
  m_CorrespondingSourceObject: {fileID: 0}
  m_PrefabInstance: {fileID: 0}
  m_PrefabAsset: {fileID: 0}
  serializedVersion: 6
  m_Component:
  - component: {fileID: 8349607137177669453}
  m_Layer: 0
  m_Name: Origin
  m_TagString: Untagged
  m_Icon: {fileID: 0}
  m_NavMeshLayer: 0
  m_StaticEditorFlags: 0
  m_IsActive: 1
--- !u!4 &8349607137177669453
Transform:
  m_ObjectHideFlags: 0
  m_CorrespondingSourceObject: {fileID: 0}
  m_PrefabInstance: {fileID: 0}
  m_PrefabAsset: {fileID: 0}
  m_GameObject: {fileID: 4548991422016143518}
  m_LocalRotation: {x: 0, y: 0, z: 0, w: 1}
  m_LocalPosition: {x: 0, y: 0, z: 0}
  m_LocalScale: {x: 1, y: 1, z: 1}
  m_ConstrainProportionsScale: 0
  m_Children:
  - {fileID: 4782512775493905165}
  - {fileID: 5712716027856117123}
  - {fileID: 6574350471131290266}
  m_Father: {fileID: 1849799980072543132}
  m_RootOrder: 0
  m_LocalEulerAnglesHint: {x: 0, y: 0, z: 0}
--- !u!1 &7596051228272810050
GameObject:
  m_ObjectHideFlags: 0
  m_CorrespondingSourceObject: {fileID: 0}
  m_PrefabInstance: {fileID: 0}
  m_PrefabAsset: {fileID: 0}
  serializedVersion: 6
  m_Component:
  - component: {fileID: 4782512775493905165}
  m_Layer: 0
  m_Name: 1Wave
  m_TagString: Untagged
  m_Icon: {fileID: 0}
  m_NavMeshLayer: 0
  m_StaticEditorFlags: 0
  m_IsActive: 1
--- !u!4 &4782512775493905165
Transform:
  m_ObjectHideFlags: 0
  m_CorrespondingSourceObject: {fileID: 0}
  m_PrefabInstance: {fileID: 0}
  m_PrefabAsset: {fileID: 0}
  m_GameObject: {fileID: 7596051228272810050}
  m_LocalRotation: {x: 0, y: 0, z: 0, w: 1}
  m_LocalPosition: {x: -5, y: 0, z: 0}
  m_LocalScale: {x: 1, y: 1, z: 1}
  m_ConstrainProportionsScale: 0
  m_Children:
  - {fileID: 2010149295657485102}
  m_Father: {fileID: 8349607137177669453}
  m_RootOrder: 0
  m_LocalEulerAnglesHint: {x: 0, y: 0, z: 0}
--- !u!1001 &1290006150027560830
PrefabInstance:
  m_ObjectHideFlags: 0
  serializedVersion: 2
  m_Modification:
    m_TransformParent: {fileID: 6574350471131290266}
    m_Modifications:
    - target: {fileID: -8679921383154817045, guid: 1236ddcca49d8624e95478542b2e9648,
        type: 3}
      propertyPath: m_RootOrder
      value: 0
      objectReference: {fileID: 0}
    - target: {fileID: -8679921383154817045, guid: 1236ddcca49d8624e95478542b2e9648,
        type: 3}
      propertyPath: m_LocalScale.x
      value: 1.8162143
      objectReference: {fileID: 0}
    - target: {fileID: -8679921383154817045, guid: 1236ddcca49d8624e95478542b2e9648,
        type: 3}
      propertyPath: m_LocalScale.y
      value: 2.2066164
      objectReference: {fileID: 0}
    - target: {fileID: -8679921383154817045, guid: 1236ddcca49d8624e95478542b2e9648,
        type: 3}
      propertyPath: m_LocalScale.z
      value: 1.8162143
      objectReference: {fileID: 0}
    - target: {fileID: -8679921383154817045, guid: 1236ddcca49d8624e95478542b2e9648,
        type: 3}
      propertyPath: m_LocalPosition.x
      value: 0
      objectReference: {fileID: 0}
    - target: {fileID: -8679921383154817045, guid: 1236ddcca49d8624e95478542b2e9648,
        type: 3}
      propertyPath: m_LocalPosition.y
      value: 0
      objectReference: {fileID: 0}
    - target: {fileID: -8679921383154817045, guid: 1236ddcca49d8624e95478542b2e9648,
        type: 3}
      propertyPath: m_LocalPosition.z
      value: 0
      objectReference: {fileID: 0}
    - target: {fileID: -8679921383154817045, guid: 1236ddcca49d8624e95478542b2e9648,
        type: 3}
      propertyPath: m_LocalRotation.w
      value: 0.7071068
      objectReference: {fileID: 0}
    - target: {fileID: -8679921383154817045, guid: 1236ddcca49d8624e95478542b2e9648,
        type: 3}
      propertyPath: m_LocalRotation.x
      value: -0
      objectReference: {fileID: 0}
    - target: {fileID: -8679921383154817045, guid: 1236ddcca49d8624e95478542b2e9648,
        type: 3}
      propertyPath: m_LocalRotation.y
      value: -0.70710677
      objectReference: {fileID: 0}
    - target: {fileID: -8679921383154817045, guid: 1236ddcca49d8624e95478542b2e9648,
        type: 3}
      propertyPath: m_LocalRotation.z
      value: -0
      objectReference: {fileID: 0}
    - target: {fileID: -8679921383154817045, guid: 1236ddcca49d8624e95478542b2e9648,
        type: 3}
      propertyPath: m_LocalEulerAnglesHint.x
      value: 0
      objectReference: {fileID: 0}
    - target: {fileID: -8679921383154817045, guid: 1236ddcca49d8624e95478542b2e9648,
        type: 3}
      propertyPath: m_LocalEulerAnglesHint.y
      value: -90
      objectReference: {fileID: 0}
    - target: {fileID: -8679921383154817045, guid: 1236ddcca49d8624e95478542b2e9648,
        type: 3}
      propertyPath: m_LocalEulerAnglesHint.z
      value: 0
      objectReference: {fileID: 0}
    - target: {fileID: 919132149155446097, guid: 1236ddcca49d8624e95478542b2e9648,
        type: 3}
      propertyPath: m_Name
      value: Wave (1)
      objectReference: {fileID: 0}
    m_RemovedComponents: []
  m_SourcePrefab: {fileID: 100100000, guid: 1236ddcca49d8624e95478542b2e9648, type: 3}
--- !u!4 &1616155370974814357 stripped
Transform:
  m_CorrespondingSourceObject: {fileID: -8679921383154817045, guid: 1236ddcca49d8624e95478542b2e9648,
    type: 3}
  m_PrefabInstance: {fileID: 1290006150027560830}
  m_PrefabAsset: {fileID: 0}
--- !u!1001 &2049073367953695941
PrefabInstance:
  m_ObjectHideFlags: 0
  serializedVersion: 2
  m_Modification:
    m_TransformParent: {fileID: 4782512775493905165}
    m_Modifications:
    - target: {fileID: -8679921383154817045, guid: 1236ddcca49d8624e95478542b2e9648,
        type: 3}
      propertyPath: m_RootOrder
      value: 0
      objectReference: {fileID: 0}
    - target: {fileID: -8679921383154817045, guid: 1236ddcca49d8624e95478542b2e9648,
        type: 3}
      propertyPath: m_LocalScale.x
      value: 1.8162143
      objectReference: {fileID: 0}
    - target: {fileID: -8679921383154817045, guid: 1236ddcca49d8624e95478542b2e9648,
        type: 3}
      propertyPath: m_LocalScale.y
      value: 2.2066164
      objectReference: {fileID: 0}
    - target: {fileID: -8679921383154817045, guid: 1236ddcca49d8624e95478542b2e9648,
        type: 3}
      propertyPath: m_LocalScale.z
      value: 1.8162143
      objectReference: {fileID: 0}
    - target: {fileID: -8679921383154817045, guid: 1236ddcca49d8624e95478542b2e9648,
        type: 3}
      propertyPath: m_LocalPosition.x
      value: 0
      objectReference: {fileID: 0}
    - target: {fileID: -8679921383154817045, guid: 1236ddcca49d8624e95478542b2e9648,
        type: 3}
      propertyPath: m_LocalPosition.y
      value: 0
      objectReference: {fileID: 0}
    - target: {fileID: -8679921383154817045, guid: 1236ddcca49d8624e95478542b2e9648,
        type: 3}
      propertyPath: m_LocalPosition.z
      value: 0
      objectReference: {fileID: 0}
    - target: {fileID: -8679921383154817045, guid: 1236ddcca49d8624e95478542b2e9648,
        type: 3}
      propertyPath: m_LocalRotation.w
      value: 0.7071068
      objectReference: {fileID: 0}
    - target: {fileID: -8679921383154817045, guid: 1236ddcca49d8624e95478542b2e9648,
        type: 3}
      propertyPath: m_LocalRotation.x
      value: -0
      objectReference: {fileID: 0}
    - target: {fileID: -8679921383154817045, guid: 1236ddcca49d8624e95478542b2e9648,
        type: 3}
      propertyPath: m_LocalRotation.y
      value: -0.70710677
      objectReference: {fileID: 0}
    - target: {fileID: -8679921383154817045, guid: 1236ddcca49d8624e95478542b2e9648,
        type: 3}
      propertyPath: m_LocalRotation.z
      value: -0
      objectReference: {fileID: 0}
    - target: {fileID: -8679921383154817045, guid: 1236ddcca49d8624e95478542b2e9648,
        type: 3}
      propertyPath: m_LocalEulerAnglesHint.x
      value: 0
      objectReference: {fileID: 0}
    - target: {fileID: -8679921383154817045, guid: 1236ddcca49d8624e95478542b2e9648,
        type: 3}
      propertyPath: m_LocalEulerAnglesHint.y
      value: -90
      objectReference: {fileID: 0}
    - target: {fileID: -8679921383154817045, guid: 1236ddcca49d8624e95478542b2e9648,
        type: 3}
      propertyPath: m_LocalEulerAnglesHint.z
      value: 0
      objectReference: {fileID: 0}
    - target: {fileID: 919132149155446097, guid: 1236ddcca49d8624e95478542b2e9648,
        type: 3}
      propertyPath: m_Name
      value: Wave (1)
      objectReference: {fileID: 0}
    m_RemovedComponents: []
  m_SourcePrefab: {fileID: 100100000, guid: 1236ddcca49d8624e95478542b2e9648, type: 3}
--- !u!4 &2010149295657485102 stripped
Transform:
  m_CorrespondingSourceObject: {fileID: -8679921383154817045, guid: 1236ddcca49d8624e95478542b2e9648,
    type: 3}
  m_PrefabInstance: {fileID: 2049073367953695941}
  m_PrefabAsset: {fileID: 0}
--- !u!1001 &6004037788440060642
PrefabInstance:
  m_ObjectHideFlags: 0
  serializedVersion: 2
  m_Modification:
    m_TransformParent: {fileID: 5712716027856117123}
    m_Modifications:
    - target: {fileID: -8679921383154817045, guid: 1236ddcca49d8624e95478542b2e9648,
        type: 3}
      propertyPath: m_RootOrder
      value: 0
      objectReference: {fileID: 0}
    - target: {fileID: -8679921383154817045, guid: 1236ddcca49d8624e95478542b2e9648,
        type: 3}
      propertyPath: m_LocalScale.x
      value: 1.8162143
      objectReference: {fileID: 0}
    - target: {fileID: -8679921383154817045, guid: 1236ddcca49d8624e95478542b2e9648,
        type: 3}
      propertyPath: m_LocalScale.y
      value: 2.2066164
      objectReference: {fileID: 0}
    - target: {fileID: -8679921383154817045, guid: 1236ddcca49d8624e95478542b2e9648,
        type: 3}
      propertyPath: m_LocalScale.z
      value: 1.8162143
      objectReference: {fileID: 0}
    - target: {fileID: -8679921383154817045, guid: 1236ddcca49d8624e95478542b2e9648,
        type: 3}
      propertyPath: m_LocalPosition.x
      value: 0
      objectReference: {fileID: 0}
    - target: {fileID: -8679921383154817045, guid: 1236ddcca49d8624e95478542b2e9648,
        type: 3}
      propertyPath: m_LocalPosition.y
      value: 0
      objectReference: {fileID: 0}
    - target: {fileID: -8679921383154817045, guid: 1236ddcca49d8624e95478542b2e9648,
        type: 3}
      propertyPath: m_LocalPosition.z
      value: 0
      objectReference: {fileID: 0}
    - target: {fileID: -8679921383154817045, guid: 1236ddcca49d8624e95478542b2e9648,
        type: 3}
      propertyPath: m_LocalRotation.w
      value: 0.7071068
      objectReference: {fileID: 0}
    - target: {fileID: -8679921383154817045, guid: 1236ddcca49d8624e95478542b2e9648,
        type: 3}
      propertyPath: m_LocalRotation.x
      value: -0
      objectReference: {fileID: 0}
    - target: {fileID: -8679921383154817045, guid: 1236ddcca49d8624e95478542b2e9648,
        type: 3}
      propertyPath: m_LocalRotation.y
      value: -0.70710677
      objectReference: {fileID: 0}
    - target: {fileID: -8679921383154817045, guid: 1236ddcca49d8624e95478542b2e9648,
        type: 3}
      propertyPath: m_LocalRotation.z
      value: -0
      objectReference: {fileID: 0}
    - target: {fileID: -8679921383154817045, guid: 1236ddcca49d8624e95478542b2e9648,
        type: 3}
      propertyPath: m_LocalEulerAnglesHint.x
      value: 0
      objectReference: {fileID: 0}
    - target: {fileID: -8679921383154817045, guid: 1236ddcca49d8624e95478542b2e9648,
        type: 3}
      propertyPath: m_LocalEulerAnglesHint.y
      value: -90
      objectReference: {fileID: 0}
    - target: {fileID: -8679921383154817045, guid: 1236ddcca49d8624e95478542b2e9648,
        type: 3}
      propertyPath: m_LocalEulerAnglesHint.z
      value: 0
      objectReference: {fileID: 0}
    - target: {fileID: 919132149155446097, guid: 1236ddcca49d8624e95478542b2e9648,
        type: 3}
      propertyPath: m_Name
      value: Wave (1)
      objectReference: {fileID: 0}
    m_RemovedComponents: []
  m_SourcePrefab: {fileID: 100100000, guid: 1236ddcca49d8624e95478542b2e9648, type: 3}
--- !u!4 &6113665028630545673 stripped
Transform:
  m_CorrespondingSourceObject: {fileID: -8679921383154817045, guid: 1236ddcca49d8624e95478542b2e9648,
    type: 3}
  m_PrefabInstance: {fileID: 6004037788440060642}
  m_PrefabAsset: {fileID: 0}
