%YAML 1.1
%TAG !u! tag:unity3d.com,2011:
--- !u!1 &634819219144887504
GameObject:
  m_ObjectHideFlags: 0
  m_CorrespondingSourceObject: {fileID: 0}
  m_PrefabInstance: {fileID: 0}
  m_PrefabAsset: {fileID: 0}
  serializedVersion: 6
  m_Component:
  - component: {fileID: 8552512310911729559}
  m_Layer: 0
  m_Name: Wagon
  m_TagString: Untagged
  m_Icon: {fileID: 0}
  m_NavMeshLayer: 0
  m_StaticEditorFlags: 0
  m_IsActive: 1
--- !u!4 &8552512310911729559
Transform:
  m_ObjectHideFlags: 0
  m_CorrespondingSourceObject: {fileID: 0}
  m_PrefabInstance: {fileID: 0}
  m_PrefabAsset: {fileID: 0}
  m_GameObject: {fileID: 634819219144887504}
  m_LocalRotation: {x: 0, y: 0, z: 0, w: 1}
  m_LocalPosition: {x: 0, y: 0, z: -3.98}
  m_LocalScale: {x: 1, y: 1, z: 1}
  m_ConstrainProportionsScale: 0
  m_Children:
  - {fileID: 8284436920048260888}
  - {fileID: 1670690928614525241}
  m_Father: {fileID: 0}
  m_RootOrder: 0
  m_LocalEulerAnglesHint: {x: 0, y: 0, z: 0}
--- !u!1 &5121999523675727123
GameObject:
  m_ObjectHideFlags: 0
  m_CorrespondingSourceObject: {fileID: 0}
  m_PrefabInstance: {fileID: 0}
  m_PrefabAsset: {fileID: 0}
  serializedVersion: 6
  m_Component:
  - component: {fileID: 1670690928614525241}
  - component: {fileID: 2415681961917452588}
  - component: {fileID: 7119988088314792592}
  m_Layer: 0
  m_Name: col
  m_TagString: Untagged
  m_Icon: {fileID: 0}
  m_NavMeshLayer: 0
  m_StaticEditorFlags: 0
  m_IsActive: 1
--- !u!4 &1670690928614525241
Transform:
  m_ObjectHideFlags: 0
  m_CorrespondingSourceObject: {fileID: 0}
  m_PrefabInstance: {fileID: 0}
  m_PrefabAsset: {fileID: 0}
  m_GameObject: {fileID: 5121999523675727123}
  m_LocalRotation: {x: 0, y: 0, z: 0, w: 1}
  m_LocalPosition: {x: 0, y: 2.1, z: 0}
  m_LocalScale: {x: 3.34, y: 0.93, z: 15.44}
  m_ConstrainProportionsScale: 0
  m_Children: []
  m_Father: {fileID: 8552512310911729559}
  m_RootOrder: 1
  m_LocalEulerAnglesHint: {x: 0, y: 0, z: 0}
--- !u!33 &2415681961917452588
MeshFilter:
  m_ObjectHideFlags: 0
  m_CorrespondingSourceObject: {fileID: 0}
  m_PrefabInstance: {fileID: 0}
  m_PrefabAsset: {fileID: 0}
  m_GameObject: {fileID: 5121999523675727123}
  m_Mesh: {fileID: 10202, guid: 0000000000000000e000000000000000, type: 0}
--- !u!65 &7119988088314792592
BoxCollider:
  m_ObjectHideFlags: 0
  m_CorrespondingSourceObject: {fileID: 0}
  m_PrefabInstance: {fileID: 0}
  m_PrefabAsset: {fileID: 0}
  m_GameObject: {fileID: 5121999523675727123}
  m_Material: {fileID: 0}
  m_IsTrigger: 0
  m_Enabled: 1
  serializedVersion: 2
  m_Size: {x: 0.99999976, y: 4.4028864, z: 0.9999991}
  m_Center: {x: 0, y: 0.055976007, z: 0}
--- !u!1001 &2830103064173168333
PrefabInstance:
  m_ObjectHideFlags: 0
  serializedVersion: 2
  m_Modification:
    m_TransformParent: {fileID: 8284436920048260888}
    m_Modifications:
    - target: {fileID: -8679921383154817045, guid: 8400720bb2b9bad41b9984f9b84e2c03,
        type: 3}
      propertyPath: m_RootOrder
      value: 11
      objectReference: {fileID: 0}
    - target: {fileID: -8679921383154817045, guid: 8400720bb2b9bad41b9984f9b84e2c03,
        type: 3}
      propertyPath: m_LocalPosition.x
      value: 44
      objectReference: {fileID: 0}
    - target: {fileID: -8679921383154817045, guid: 8400720bb2b9bad41b9984f9b84e2c03,
        type: 3}
      propertyPath: m_LocalPosition.y
      value: -0
      objectReference: {fileID: 0}
    - target: {fileID: -8679921383154817045, guid: 8400720bb2b9bad41b9984f9b84e2c03,
        type: 3}
      propertyPath: m_LocalPosition.z
      value: -7.96
      objectReference: {fileID: 0}
    - target: {fileID: -8679921383154817045, guid: 8400720bb2b9bad41b9984f9b84e2c03,
        type: 3}
      propertyPath: m_LocalRotation.w
      value: 0
      objectReference: {fileID: 0}
    - target: {fileID: -8679921383154817045, guid: 8400720bb2b9bad41b9984f9b84e2c03,
        type: 3}
      propertyPath: m_LocalRotation.x
      value: 0
      objectReference: {fileID: 0}
    - target: {fileID: -8679921383154817045, guid: 8400720bb2b9bad41b9984f9b84e2c03,
        type: 3}
      propertyPath: m_LocalRotation.y
      value: 1
      objectReference: {fileID: 0}
    - target: {fileID: -8679921383154817045, guid: 8400720bb2b9bad41b9984f9b84e2c03,
        type: 3}
      propertyPath: m_LocalRotation.z
      value: 0
      objectReference: {fileID: 0}
    - target: {fileID: -8679921383154817045, guid: 8400720bb2b9bad41b9984f9b84e2c03,
        type: 3}
      propertyPath: m_LocalEulerAnglesHint.x
      value: 0
      objectReference: {fileID: 0}
    - target: {fileID: -8679921383154817045, guid: 8400720bb2b9bad41b9984f9b84e2c03,
        type: 3}
      propertyPath: m_LocalEulerAnglesHint.y
      value: 180
      objectReference: {fileID: 0}
    - target: {fileID: -8679921383154817045, guid: 8400720bb2b9bad41b9984f9b84e2c03,
        type: 3}
      propertyPath: m_LocalEulerAnglesHint.z
      value: 0
      objectReference: {fileID: 0}
    - target: {fileID: 919132149155446097, guid: 8400720bb2b9bad41b9984f9b84e2c03,
        type: 3}
      propertyPath: m_Name
      value: TrainHead (1)
      objectReference: {fileID: 0}
    m_RemovedComponents: []
  m_SourcePrefab: {fileID: 100100000, guid: 8400720bb2b9bad41b9984f9b84e2c03, type: 3}
--- !u!1001 &3199152601157692413
PrefabInstance:
  m_ObjectHideFlags: 0
  serializedVersion: 2
  m_Modification:
    m_TransformParent: {fileID: 8284436920048260888}
    m_Modifications:
    - target: {fileID: -8679921383154817045, guid: 8400720bb2b9bad41b9984f9b84e2c03,
        type: 3}
      propertyPath: m_RootOrder
      value: 10
      objectReference: {fileID: 0}
    - target: {fileID: -8679921383154817045, guid: 8400720bb2b9bad41b9984f9b84e2c03,
        type: 3}
      propertyPath: m_LocalPosition.x
      value: 0
      objectReference: {fileID: 0}
    - target: {fileID: -8679921383154817045, guid: 8400720bb2b9bad41b9984f9b84e2c03,
        type: 3}
      propertyPath: m_LocalPosition.y
      value: 0
      objectReference: {fileID: 0}
    - target: {fileID: -8679921383154817045, guid: 8400720bb2b9bad41b9984f9b84e2c03,
        type: 3}
      propertyPath: m_LocalPosition.z
      value: -0.71
      objectReference: {fileID: 0}
    - target: {fileID: -8679921383154817045, guid: 8400720bb2b9bad41b9984f9b84e2c03,
        type: 3}
      propertyPath: m_LocalRotation.w
      value: 1
      objectReference: {fileID: 0}
    - target: {fileID: -8679921383154817045, guid: 8400720bb2b9bad41b9984f9b84e2c03,
        type: 3}
      propertyPath: m_LocalRotation.x
      value: 0
      objectReference: {fileID: 0}
    - target: {fileID: -8679921383154817045, guid: 8400720bb2b9bad41b9984f9b84e2c03,
        type: 3}
      propertyPath: m_LocalRotation.y
      value: 0
      objectReference: {fileID: 0}
    - target: {fileID: -8679921383154817045, guid: 8400720bb2b9bad41b9984f9b84e2c03,
        type: 3}
      propertyPath: m_LocalRotation.z
      value: 0
      objectReference: {fileID: 0}
    - target: {fileID: -8679921383154817045, guid: 8400720bb2b9bad41b9984f9b84e2c03,
        type: 3}
      propertyPath: m_LocalEulerAnglesHint.x
      value: 0
      objectReference: {fileID: 0}
    - target: {fileID: -8679921383154817045, guid: 8400720bb2b9bad41b9984f9b84e2c03,
        type: 3}
      propertyPath: m_LocalEulerAnglesHint.y
      value: 0
      objectReference: {fileID: 0}
    - target: {fileID: -8679921383154817045, guid: 8400720bb2b9bad41b9984f9b84e2c03,
        type: 3}
      propertyPath: m_LocalEulerAnglesHint.z
      value: 0
      objectReference: {fileID: 0}
    - target: {fileID: 919132149155446097, guid: 8400720bb2b9bad41b9984f9b84e2c03,
        type: 3}
      propertyPath: m_Name
      value: TrainHead
      objectReference: {fileID: 0}
    m_RemovedComponents: []
  m_SourcePrefab: {fileID: 100100000, guid: 8400720bb2b9bad41b9984f9b84e2c03, type: 3}
--- !u!1001 &8462969591011143923
PrefabInstance:
  m_ObjectHideFlags: 0
  serializedVersion: 2
  m_Modification:
    m_TransformParent: {fileID: 8552512310911729559}
    m_Modifications:
    - target: {fileID: -8679921383154817045, guid: 5c3626fad0ea33840a5e51e9cd19d62b,
        type: 3}
      propertyPath: m_RootOrder
      value: 0
      objectReference: {fileID: 0}
    - target: {fileID: -8679921383154817045, guid: 5c3626fad0ea33840a5e51e9cd19d62b,
        type: 3}
      propertyPath: m_LocalScale.x
      value: 1.7
      objectReference: {fileID: 0}
    - target: {fileID: -8679921383154817045, guid: 5c3626fad0ea33840a5e51e9cd19d62b,
        type: 3}
      propertyPath: m_LocalScale.y
      value: 1.7
      objectReference: {fileID: 0}
    - target: {fileID: -8679921383154817045, guid: 5c3626fad0ea33840a5e51e9cd19d62b,
        type: 3}
      propertyPath: m_LocalScale.z
      value: 1.7
      objectReference: {fileID: 0}
    - target: {fileID: -8679921383154817045, guid: 5c3626fad0ea33840a5e51e9cd19d62b,
        type: 3}
      propertyPath: m_LocalPosition.x
      value: -37.51
      objectReference: {fileID: 0}
    - target: {fileID: -8679921383154817045, guid: 5c3626fad0ea33840a5e51e9cd19d62b,
        type: 3}
      propertyPath: m_LocalPosition.y
      value: 0
      objectReference: {fileID: 0}
    - target: {fileID: -8679921383154817045, guid: 5c3626fad0ea33840a5e51e9cd19d62b,
        type: 3}
      propertyPath: m_LocalPosition.z
      value: 7.43
      objectReference: {fileID: 0}
    - target: {fileID: -8679921383154817045, guid: 5c3626fad0ea33840a5e51e9cd19d62b,
        type: 3}
      propertyPath: m_LocalRotation.w
      value: 1
      objectReference: {fileID: 0}
    - target: {fileID: -8679921383154817045, guid: 5c3626fad0ea33840a5e51e9cd19d62b,
        type: 3}
      propertyPath: m_LocalRotation.x
      value: -0
      objectReference: {fileID: 0}
    - target: {fileID: -8679921383154817045, guid: 5c3626fad0ea33840a5e51e9cd19d62b,
        type: 3}
      propertyPath: m_LocalRotation.y
      value: -0
      objectReference: {fileID: 0}
    - target: {fileID: -8679921383154817045, guid: 5c3626fad0ea33840a5e51e9cd19d62b,
        type: 3}
      propertyPath: m_LocalRotation.z
      value: -0
      objectReference: {fileID: 0}
    - target: {fileID: -8679921383154817045, guid: 5c3626fad0ea33840a5e51e9cd19d62b,
        type: 3}
      propertyPath: m_LocalEulerAnglesHint.x
      value: 0
      objectReference: {fileID: 0}
    - target: {fileID: -8679921383154817045, guid: 5c3626fad0ea33840a5e51e9cd19d62b,
        type: 3}
      propertyPath: m_LocalEulerAnglesHint.y
      value: 0
      objectReference: {fileID: 0}
    - target: {fileID: -8679921383154817045, guid: 5c3626fad0ea33840a5e51e9cd19d62b,
        type: 3}
      propertyPath: m_LocalEulerAnglesHint.z
      value: 0
      objectReference: {fileID: 0}
    - target: {fileID: 919132149155446097, guid: 5c3626fad0ea33840a5e51e9cd19d62b,
        type: 3}
      propertyPath: m_Name
      value: TrainBody
      objectReference: {fileID: 0}
    m_RemovedComponents: []
  m_SourcePrefab: {fileID: 100100000, guid: 5c3626fad0ea33840a5e51e9cd19d62b, type: 3}
--- !u!4 &8284436920048260888 stripped
Transform:
  m_CorrespondingSourceObject: {fileID: -8679921383154817045, guid: 5c3626fad0ea33840a5e51e9cd19d62b,
    type: 3}
  m_PrefabInstance: {fileID: 8462969591011143923}
  m_PrefabAsset: {fileID: 0}
